@article{nif2023,
    title={Neural Implicit Flow: A Mesh-agnostic Dimensionality Reduction},
    author={Author1 and Author2},
    journal={arXiv preprint arXiv:2023.xxxxx},
    year={2023}
}

@article{siren2020,
    title={Implicit Neural Representations with Periodic Activation Functions},
    author={Sitzmann, Vincent and Martel, Julien NP and Bergman, Alexander W and Lindell, David B and Wetzstein, Gordon},
    journal={Advances in Neural Information Processing Systems},
    volume={33},
    pages={7462--7473},
    year={2020}
}

@article{hypernetworks2016,
    title={HyperNetworks},
    author={Ha, David and Dai, Andrew and Le, Quoc V},
    journal={arXiv preprint arXiv:1609.09106},
    year={2016}
}

@article{neural_fields2022,
    title={Neural Fields in Visual Computing and Beyond},
    author={Xie, Yiheng and Takikawa, Towaki and Saito, Shunsuke and Litany, Or and Yan, Shiqin and Khan, Numair and Tombari, Federico and Tompkin, James and Sitzmann, Vincent and Sridhar, Srinath},
    journal={Computer Graphics Forum},
    volume={41},
    number={2},
    pages={641--676},
    year={2022}
} 